@book{lazinica2009particle,
  title={Particle swarm optimization},
  author={Lazinica, Aleksandar},
  year={2009},
  publisher={InTech Kirchengasse}
}

@inproceedings{kennedy1997discrete,
  title={A discrete binary version of the particle swarm algorithm},
  author={Kennedy, James and Eberhart, Russell C},
  booktitle={Systems, Man, and Cybernetics, 1997. Computational Cybernetics and Simulation., 1997 IEEE International Conference on},
  volume={5},
  pages={4104--4108},
  year={1997},
  organization={IEEE}
}

@inproceedings{eberhart2000comparing,
  title={Comparing inertia weights and constriction factors in particle swarm optimization},
  author={Eberhart, Russ C and Shi, Yuhui},
  booktitle={Evolutionary Computation, 2000. Proceedings of the 2000 Congress on},
  volume={1},
  pages={84--88},
  year={2000},
  organization={IEEE}
}

@inproceedings{eberhart1995new,
  title={A new optimizer using particle swarm theory},
  author={Eberhart, Russell and Kennedy, James},
  booktitle={Micro Machine and Human Science, 1995. MHS'95., Proceedings of the Sixth International Symposium on},
  pages={39--43},
  year={1995},
  organization={IEEE}
}

@inproceedings{shi1998modified,
  title={A modified particle swarm optimizer},
  author={Shi, Yuhui and Eberhart, Russell},
  booktitle={Evolutionary Computation Proceedings, 1998. IEEE World Congress on Computational Intelligence., The 1998 IEEE International Conference on},
  pages={69--73},
  year={1998},
  organization={IEEE}
}